<?xml version="1.0" encoding="UTF-8"?>
<record xmlns="http://www.loc.gov/MARC21/slim">
   <leader>00957cam a22002651  4500</leader>
   <controlfield tag="001">1796574</controlfield>
   <controlfield tag="003">NjP</controlfield>
   <controlfield tag="005">20170316173621.0</controlfield>
   <controlfield tag="008">980629s1932    ua      a     000 0 ara d</controlfield>
   <datafield tag="024" ind1="7" ind2=" ">
      <subfield code="a">princeton_aco003983</subfield>
      <subfield code="2">local</subfield>
   </datafield>
   <datafield ind1=" " ind2=" " tag="010">
      <subfield code="a">nuc87522476  </subfield>
   </datafield>
   <datafield ind1=" " ind2=" " tag="035">
      <subfield code="a">(CStRLIN)NJPG98-B40165</subfield>
   </datafield>
   <datafield ind1=" " ind2=" " tag="035">
      <subfield code="9">CGB0514TS</subfield>
   </datafield>
   <datafield ind1=" " ind2=" " tag="040">
      <subfield code="a">NjP</subfield>
      <subfield code="c">OCoLC</subfield>
   </datafield>
   <datafield ind1="1" ind2=" " tag="100">
      <subfield code="a">Ḥammāmī, Muṣṭafá Abū Sayf.</subfield>
   </datafield>
   <datafield ind1="1" ind2="0" tag="245">
      <subfield code="a">Muntahā amāl al-khuṭabāʾ wa-manar al-mustarshidīn al-nubalāʾ.</subfield>
   </datafield>
   <datafield ind1=" " ind2=" " tag="260">
      <subfield code="a">Miṣr :</subfield>
      <subfield code="b">Maṭbaʻat Muṣṭafa al-Bābī al-Ḥalabi,</subfield>
      <subfield code="c">[1932]</subfield>
   </datafield>
   <datafield ind1=" " ind2=" " tag="300">
      <subfield code="a">15, 496 p. ;</subfield>
      <subfield code="c">23 cm.</subfield>
   </datafield>
   <datafield ind1=" " ind2=" " tag="500">
      <subfield code="a">In Arabic.</subfield>
   </datafield>
   <datafield ind1=" " ind2=" " tag="500">
      <subfield code="a">Vocalized.</subfield>
   </datafield>
   <datafield ind1=" " ind2=" " tag="590">
      <subfield code="a">Princeton (F) copy is photocopy.</subfield>
   </datafield>
   <datafield ind1=" " ind2="0" tag="650">
      <subfield code="a">Islamic sermons.</subfield>
      <subfield code="0">http://id.loc.gov/authorities/subjects/sh85068481</subfield>
   </datafield>
   <datafield ind1=" " ind2=" " tag="998">
      <subfield code="a">06/29/98</subfield>
      <subfield code="s">9662</subfield>
      <subfield code="n">NjP</subfield>
      <subfield code="w">DCLMNUC87522476B</subfield>
      <subfield code="d">06/29/98</subfield>
      <subfield code="c">RGM</subfield>
      <subfield code="b">RGM</subfield>
      <subfield code="i">980629</subfield>
      <subfield code="l">NJPG</subfield>
   </datafield>
   <datafield ind1=" " ind2=" " tag="948">
      <subfield code="a">CON</subfield>
   </datafield>
   <datafield ind1=" " ind2=" " tag="911">
      <subfield code="a">19980806</subfield>
   </datafield>
   <datafield ind1=" " ind2=" " tag="912">
      <subfield code="a">19980629000000.0</subfield>
   </datafield>
   <datafield ind1="0" ind2="0" tag="852">
      <subfield code="0">2061212</subfield>
      <subfield code="b">rcppa</subfield>
      <subfield code="t">1</subfield>
      <subfield code="h">BP183.6</subfield>
      <subfield code="i">.H366 1932</subfield>
      <subfield code="x">tr fr nec</subfield>
   </datafield>
   <datafield ind1="8" ind2="1" tag="852">
      <subfield code="0">2061213</subfield>
      <subfield code="b">rcppf</subfield>
      <subfield code="t">1</subfield>
      <subfield code="h">MICROFILM 02589</subfield>
      <subfield code="x">tr fr flm</subfield>
   </datafield>
   <datafield ind1=" " ind2=" " tag="959">
      <subfield code="a">2000-06-13 00:00:00 -0400</subfield>
   </datafield>
</record>
